@article{bitcoinpaper,
	author = {Nakamoto, Satoshi},
	year = {2009},
	month = {03},
	pages = {},
	title = {Bitcoin: A Peer-to-Peer Electronic Cash System},
}
@Article{ethpaper,
	title                    = {Ethereum White Paper: A Next Generation Smart Contract \& Decentralized Application Platform},
	author                   = {Vitalik Buterin},
	year                     = {2013},
	url                      = {https://github.com/ethereum/wiki/wiki/White-Paper}
}
@phdthesis{contractenergyconsumptionthesis,
	author = {Saingre, Dimitri},
	year = {2021},
	pages = {},
	title = {Understanding the energy consumption of blockchain technologies : a focus on smart contracts}
}
@article{codesmellmining,
	author = {Rasool, Ghulam and Arshad, Zeeshan},
	title = {A Review of Code Smell Mining Techniques},
	year = {2015},
	issue_date = {November 2015},
	publisher = {John Wiley &amp; Sons, Inc.},
	address = {USA},
	volume = {27},
	number = {11},
	issn = {2047-7473},
	url = {https://doi.org/10.1002/smr.1737},
	doi = {10.1002/smr.1737},
	journal = {J. Softw. Evol. Process},
	month = {nov},
	pages = {867–895},
	numpages = {29},
	keywords = {code smells, code quality, detection techniques, design flaws, literature review}
}
@INPROCEEDINGS{brandstatter,
	author={Brandstätter, Tamara and Schulte, Stefan and Cito, Jürgen and Borkowski, Michael},
	booktitle={2020 IEEE International Conference on Blockchain (Blockchain)}, 
	title={Characterizing Efficiency Optimizations in Solidity Smart Contracts}, 
	year={2020},
	volume={},
	number={},
	pages={281-290},
	doi={10.1109/Blockchain50366.2020.00042}}
@INPROCEEDINGS{chen1devour,
	author={Chen, Ting and Li, Xiaoqi and Luo, Xiapu and Zhang, Xiaosong},
	booktitle={2017 IEEE 24th International Conference on Software Analysis, Evolution and Reengineering (SANER)}, 
	title={Under-optimized smart contracts devour your money}, 
	year={2017},
	volume={},
	number={},
	pages={442-446},
	doi={10.1109/SANER.2017.7884650}}

@ARTICLE{chen2gaschecker,
	author={Chen, Ting and Feng, Youzheng and Li, Zihao and Zhou, Hao and Luo, Xiaopu and Li, Xiaoqi and Xiao, Xiuzhuo and Chen, Jiachi and Zhang, Xiaosong},
	journal={IEEE Transactions on Emerging Topics in Computing}, 
	title={GasChecker: Scalable Analysis for Discovering Gas-Inefficient Smart Contracts}, 
	year={2021},
	volume={9},
	number={3},
	pages={1433-1448},
	doi={10.1109/TETC.2020.2979019}}

@inproceedings{chen3soda,
	author = {Chen, Ting and Cao, Rong and Li, Ting and Luo, Xiapu and Gu, Guofei and Zhang, Yufei and Liao, Zhou and Zhu, Hang and Chen, Gang and He, Zheyuan and Tang, Yuxing and Lin, Xiaodong and Zhang, Xiaosong},
	year = {2020},
	month = {01},
	pages = {},
	title = {SODA: A Generic Online Detection Framework for Smart Contracts},
	doi = {10.14722/ndss.2020.24449}
}
@article{chen4stan,
	doi = {10.48550/ARXIV.2007.09696},
	
	url = {https://arxiv.org/abs/2007.09696},
	
	author = {Li, Xiaoqi and Chen, Ting and Luo, Xiapu and Zhang, Tao and Yu, Le and Xu, Zhou},
	
	keywords = {Software Engineering (cs.SE), Cryptography and Security (cs.CR), FOS: Computer and information sciences, FOS: Computer and information sciences},
	
	title = {STAN: Towards Describing Bytecodes of Smart Contract},
	
	publisher = {arXiv},
	
	year = {2020},
	
	copyright = {arXiv.org perpetual, non-exclusive license}
}
@article{nagele,
	doi = {10.48550/ARXIV.2005.05912},
	
	url = {https://arxiv.org/abs/2005.05912},
	
	author = {Nagele, Julian and Schett, Maria A},
	
	keywords = {Logic in Computer Science (cs.LO), FOS: Computer and information sciences, FOS: Computer and information sciences},
	
	title = {Blockchain Superoptimizer},
	
	publisher = {arXiv},
	
	year = {2020},
	
	copyright = {arXiv.org perpetual, non-exclusive license}
}
@incollection{ethir,
	doi = {10.1007/978-3-030-01090-4_30},
	
	url = {https://doi.org/10.1007%2F978-3-030-01090-4_30},
	
	year = 2018,
	publisher = {Springer International Publishing},
	
	pages = {513--520},
	
	author = {Elvira Albert and Pablo Gordillo and Benjamin Livshits and Albert Rubio and Ilya Sergey},
	
	title = {{EthIR}: A Framework for High-Level Analysis of Ethereum Bytecode},
	
	booktitle = {Automated Technology for Verification and Analysis}
}
@inproceedings{oyente,
	author = {Luu, Loi and Chu, Duc-Hiep and Olickel, Hrishi and Saxena, Prateek and Hobor, Aquinas},
	title = {Making Smart Contracts Smarter},
	year = {2016},
	isbn = {9781450341394},
	publisher = {Association for Computing Machinery},
	address = {New York, NY, USA},
	url = {https://doi.org/10.1145/2976749.2978309},
	doi = {10.1145/2976749.2978309},
	booktitle = {Proceedings of the 2016 ACM SIGSAC Conference on Computer and Communications Security},
	pages = {254–269},
	numpages = {16},
	keywords = {cryptocurrencies, ethereum, smart contract, symbolic execution, blockchain},
	location = {Vienna, Austria},
	series = {CCS '16}
}
@misc{gasol,
	doi = {10.48550/ARXIV.1912.11929},
	
	url = {https://arxiv.org/abs/1912.11929},
	
	author = {Albert, Elvira and Correas, Jesús and Gordillo, Pablo and Román-Díez, Guillermo and Rubio, Albert},
	
	keywords = {Programming Languages (cs.PL), FOS: Computer and information sciences, FOS: Computer and information sciences},
	
	title = {GASOL: Gas Analysis and Optimization for Ethereum Smart Contracts},
	
	publisher = {arXiv},
	
	year = {2019},
	
	copyright = {arXiv.org perpetual, non-exclusive license}
}
@inproceedings{slither,
	doi = {10.1109/wetseb.2019.00008},
	
	url = {https://doi.org/10.1109%2Fwetseb.2019.00008},
	
	year = 2019,
	month = {may},
	
	publisher = {{IEEE}
	},
	
	author = {Josselin Feist and Gustavo Grieco and Alex Groce},
	
	title = {Slither: A Static Analysis Framework for Smart Contracts},
	
	booktitle = {2019 {IEEE}/{ACM} 2nd International Workshop on Emerging Trends in Software Engineering for Blockchain ({WETSEB})}
}
@INPROCEEDINGS{diangelo,
	author={di Angelo, Monika and Salzer, Gernot},
	booktitle={2019 IEEE International Conference on Decentralized Applications and Infrastructures (DAPPCON)}, 
	title={A Survey of Tools for Analyzing Ethereum Smart Contracts}, 
	year={2019},
	volume={},
	number={},
	pages={69-78},
	doi={10.1109/DAPPCON.2019.00018}}

@INPROCEEDINGS{chunmiaoli,
	author={Li, Chunmiao},
	booktitle={2021 36th IEEE/ACM International Conference on Automated Software Engineering (ASE)}, 
	title={Gas Estimation and Optimization for Smart Contracts on Ethereum}, 
	year={2021},
	volume={},
	number={},
	pages={1082-1086},
	doi={10.1109/ASE51524.2021.9678932}}

@INPROCEEDINGS{wohrer,
	author={Wöhrer, Maximilian and Zdun, Uwe},
	booktitle={2018 IEEE International Conference on Internet of Things (iThings) and IEEE Green Computing and Communications (GreenCom) and IEEE Cyber, Physical and Social Computing (CPSCom) and IEEE Smart Data (SmartData)}, 
	title={Design Patterns for Smart Contracts in the Ethereum Ecosystem}, 
	year={2018},
	volume={},
	number={},
	pages={1513-1520},
	doi={10.1109/Cybermatics_2018.2018.00255}}
@INPROCEEDINGS{marchesi,
	author={Marchesi, Lodovica and Marchesi, Michele and Destefanis, Giuseppe and Barabino, Giulio and Tigano, Danilo},
	booktitle={2020 IEEE International Workshop on Blockchain Oriented Software Engineering (IWBOSE)}, 
	title={Design Patterns for Gas Optimization in Ethereum}, 
	year={2020},
	volume={},
	number={},
	pages={9-15},
	doi={10.1109/IWBOSE50093.2020.9050163}}

@INPROCEEDINGS{khatoon,
	author={Khatoon, Shaheen and Mahmood, Azhar and Li, Guohui},
	booktitle={2011 Eighth International Conference on Fuzzy Systems and Knowledge Discovery (FSKD)}, 
	title={An evaluation of source code mining techniques}, 
	year={2011},
	volume={3},
	number={},
	pages={1929-1933},
	doi={10.1109/FSKD.2011.6019877}}

@misc{pierro,
	doi = {10.48550/ARXIV.2011.01723},
	
	url = {https://arxiv.org/abs/2011.01723},
	
	author = {Pierro, Giuseppe Antonio and Tonelli, Roberto and Marchesi, Michele},
	
	keywords = {Software Engineering (cs.SE), FOS: Computer and information sciences, FOS: Computer and information sciences},
	
	title = {Smart-Corpus: an Organized Repository of Ethereum Smart Contracts Source Code and Metrics},
	
	publisher = {arXiv},
	
	year = {2020},
	
	copyright = {arXiv.org perpetual, non-exclusive license}
}
@article{schroder,
	author = {Schr\"{o}der, Michael and Cito, J\"{u}rgen},
	title = {An Empirical Investigation of Command-Line Customization},
	year = {2022},
	issue_date = {Mar 2022},
	publisher = {Kluwer Academic Publishers},
	address = {USA},
	volume = {27},
	number = {2},
	issn = {1382-3256},
	url = {https://doi.org/10.1007/s10664-021-10036-y},
	doi = {10.1007/s10664-021-10036-y},
	journal = {Empirical Softw. Engg.},
	month = {mar},
	numpages = {26},
	keywords = {Command line, Customization practices, Inductive coding, Collective knowledge}
}
@misc{dabic,
	doi = {10.48550/ARXIV.2103.04682},
	
	url = {https://arxiv.org/abs/2103.04682},
	
	author = {Dabic, Ozren and Aghajani, Emad and Bavota, Gabriele},
	
	keywords = {Software Engineering (cs.SE), FOS: Computer and information sciences, FOS: Computer and information sciences},
	
	title = {Sampling Projects in GitHub for MSR Studies},
	
	publisher = {arXiv},
	
	year = {2021},
	
	copyright = {arXiv.org perpetual, non-exclusive license}
}

@article{10.1007/s10664-021-10087-1,
	author = {Yang, Yilin and He, Tianxing and Feng, Yang and Liu, Shaoying and Xu, Baowen},
	title = {Mining Python Fix Patterns via Analyzing Fine-Grained Source Code Changes},
	year = {2022},
	issue_date = {Mar 2022},
	publisher = {Kluwer Academic Publishers},
	address = {USA},
	volume = {27},
	number = {2},
	issn = {1382-3256},
	url = {https://doi.org/10.1007/s10664-021-10087-1},
	doi = {10.1007/s10664-021-10087-1},
	journal = {Empirical Softw. Engg.},
	month = {mar},
	numpages = {37},
	keywords = {Bug fix changes, Pattern mining, Fix pattern, Program repair}
}
@INPROCEEDINGS{crossblockchain,
	author={Nissl, Markus and Sallinger, Emanuel and Schulte, Stefan and Borkowski, Michael},
	booktitle={2021 IEEE International Conference on Decentralized Applications and Infrastructures (DAPPS)}, 
	title={Towards Cross-Blockchain Smart Contracts}, 
	year={2021},
	volume={},
	number={},
	pages={85-94},
	doi={10.1109/DAPPS52256.2021.00015}}
@ARTICLE{blockchainsurvey,
	author={Tschorsch, Florian and Scheuermann, Björn},
	journal={IEEE Communications Surveys \& Tutorials}, 
	title={Bitcoin and Beyond: A Technical Survey on Decentralized Digital Currencies}, 
	year={2016},
	volume={18},
	number={3},
	pages={2084-2123},
	doi={10.1109/COMST.2016.2535718}}
@INPROCEEDINGS{commonshood,
	author={Balbo, Stefano and Boella, Guido and Busacchi, Pierpaolo and Cordero, Alex and De Carne, Luca and Di Caro, Diego and Guffanti, Alberto and Mioli, Michele and Sanino, Alessandro and Schifanella, Claudio},
	booktitle={2020 IEEE International Conference on Decentralized Applications and Infrastructures (DAPPS)}, 
	title={CommonsHood: A Blockchain-Based Wallet App for Local Communities}, 
	year={2020},
	volume={},
	number={},
	pages={139-144},
	doi={10.1109/DAPPS49028.2020.00018}}
@inproceedings{softwareversion,
	author = {Reichelt, David Georg and K\"{u}hne, Stefan},
	title = {How to Detect Performance Changes in Software History: Performance Analysis of Software System Versions},
	year = {2018},
	isbn = {9781450356299},
	publisher = {Association for Computing Machinery},
	address = {New York, NY, USA},
	url = {https://doi.org/10.1145/3185768.3186404},
	doi = {10.1145/3185768.3186404},
	pages = {183–188},
	numpages = {6},
	keywords = {performance testing, mining software repositories},
	location = {Berlin, Germany},
	series = {ICPE '18}
}
@article{codeminingsurvey,
	author = {Kagdi, Huzefa and Collard, Michael and Maletic, Jonathan},
	year = {2007},
	month = {03},
	pages = {77-131},
	title = {A survey and taxonomy of approaches for mining software repositories in the context of software evolution},
	volume = {19},
	journal = {Journal of Software Maintenance},
	doi = {10.1002/smr.344}
}
@article{superoptimization,
	author = {Albert, Elvira and Gordillo, Pablo and Hern\'{a}ndez-Cerezo, Alejandro and Rubio, Albert and Schett, Maria A.},
	title = {Super-Optimization of Smart Contracts},
	year = {2022},
	issue_date = {October 2022},
	publisher = {Association for Computing Machinery},
	address = {New York, NY, USA},
	volume = {31},
	number = {4},
	issn = {1049-331X},
	url = {https://doi.org/10.1145/3506800},
	doi = {10.1145/3506800},
	journal = {ACM Trans. Softw. Eng. Methodol.},
	month = {jul},
	articleno = {70},
	numpages = {29},
	keywords = {Max-SMT solvers, optimization, synthesis, Smart contracts}
}
@article{wood2019ethereum,
	title={Ethereum: A secure decentralised generalised transaction ledger},
	author={Wood, Gavin and others},
	journal={Ethereum project yellow paper},
	volume={151},
	number={2014},
	pages={1--32},
	year={2014}
}
@inproceedings{simsimilarity,
	author = {Gitchell, David and Tran, Nicholas},
	year = {1999},
	month = {03},
	pages = {266-270},
	title = {Sim: A utility for detecting similarity in computer programs},
	volume = {31},
	journal = {SIGCSE Bulletin (Association for Computing Machinery, Special Interest Group on Computer Science Education)},
	doi = {10.1145/299649.299783}
}
@inproceedings{helpmeout,
	author = {Hartmann, Bj\"{o}rn and MacDougall, Daniel and Brandt, Joel and Klemmer, Scott R.},
	title = {What Would Other Programmers Do: Suggesting Solutions to Error Messages},
	year = {2010},
	isbn = {9781605589299},
	publisher = {Association for Computing Machinery},
	address = {New York, NY, USA},
	url = {https://doi.org/10.1145/1753326.1753478},
	doi = {10.1145/1753326.1753478},
	booktitle = {Proceedings of the SIGCHI Conference on Human Factors in Computing Systems},
	pages = {1019–1028},
	numpages = {10},
	keywords = {debugging, recommender systems},
	location = {Atlanta, Georgia, USA},
	series = {CHI '10}
}
@Inbook{coderecommendation,
	author="Mens, Kim
	and Lozano, Angela",
	editor="Robillard, Martin P.
	and Maalej, Walid
	and Walker, Robert J.
	and Zimmermann, Thomas",
	title="Source Code-Based Recommendation Systems",
	bookTitle="Recommendation Systems in Software Engineering",
	year="2014",
	publisher="Springer Berlin Heidelberg",
	address="Berlin, Heidelberg",
	pages="93--130",
	isbn="978-3-642-45135-5",
	doi="10.1007/978-3-642-45135-5_5",
	url="https://doi.org/10.1007/978-3-642-45135-5_5"
}
@inproceedings{parseweb,
	author = {Thummalapenta, Suresh and Xie, Tao},
	title = {Parseweb: A Programmer Assistant for Reusing Open Source Code on the Web},
	year = {2007},
	isbn = {9781595938824},
	publisher = {Association for Computing Machinery},
	address = {New York, NY, USA},
	url = {https://doi.org/10.1145/1321631.1321663},
	doi = {10.1145/1321631.1321663},
	booktitle = {Proceedings of the Twenty-Second IEEE/ACM International Conference on Automated Software Engineering},
	pages = {204–213},
	numpages = {10},
	keywords = {code reuse, ranking code samples, code examples, code search engine},
	location = {Atlanta, Georgia, USA},
	series = {ASE '07}
}
@article{codex,
	author    = {Mark Chen and
	Jerry Tworek and
	Heewoo Jun and
	Qiming Yuan and
	Henrique Ponde de Oliveira Pinto and
	Jared Kaplan and
	Harrison Edwards and
	Yuri Burda and
	Nicholas Joseph and
	Greg Brockman and
	Alex Ray and
	Raul Puri and
	Gretchen Krueger and
	Michael Petrov and
	Heidy Khlaaf and
	Girish Sastry and
	Pamela Mishkin and
	Brooke Chan and
	Scott Gray and
	Nick Ryder and
	Mikhail Pavlov and
	Alethea Power and
	Lukasz Kaiser and
	Mohammad Bavarian and
	Clemens Winter and
	Philippe Tillet and
	Felipe Petroski Such and
	Dave Cummings and
	Matthias Plappert and
	Fotios Chantzis and
	Elizabeth Barnes and
	Ariel Herbert{-}Voss and
	William Hebgen Guss and
	Alex Nichol and
	Alex Paino and
	Nikolas Tezak and
	Jie Tang and
	Igor Babuschkin and
	Suchir Balaji and
	Shantanu Jain and
	William Saunders and
	Christopher Hesse and
	Andrew N. Carr and
	Jan Leike and
	Joshua Achiam and
	Vedant Misra and
	Evan Morikawa and
	Alec Radford and
	Matthew Knight and
	Miles Brundage and
	Mira Murati and
	Katie Mayer and
	Peter Welinder and
	Bob McGrew and
	Dario Amodei and
	Sam McCandlish and
	Ilya Sutskever and
	Wojciech Zaremba},
	title     = {Evaluating Large Language Models Trained on Code},
	journal   = {CoRR},
	volume    = {abs/2107.03374},
	year      = {2021},
	url       = {https://arxiv.org/abs/2107.03374},
	eprinttype = {arXiv},
	eprint    = {2107.03374},
	timestamp = {Tue, 20 Jul 2021 15:08:33 +0200},
	biburl    = {https://dblp.org/rec/journals/corr/abs-2107-03374.bib},
	bibsource = {dblp computer science bibliography, https://dblp.org}
}
@misc{chatgpt,
	
	url = {https://arxiv.org/abs/2203.02155},
	
	author = {Ouyang, Long and Wu, Jeff and Jiang, Xu and Almeida, Diogo and Wainwright, Carroll L. and Mishkin, Pamela and Zhang, Chong and Agarwal, Sandhini and Slama, Katarina and Ray, Alex and Schulman, John and Hilton, Jacob and Kelton, Fraser and Miller, Luke and Simens, Maddie and Askell, Amanda and Welinder, Peter and Christiano, Paul and Leike, Jan and Lowe, Ryan},
	
	keywords = {Computation and Language (cs.CL), Artificial Intelligence (cs.AI), Machine Learning (cs.LG), FOS: Computer and information sciences, FOS: Computer and information sciences},
	
	title = {Training language models to follow instructions with human feedback},
	
	publisher = {arXiv},
	
	year = {2022},
	
	copyright = {arXiv.org perpetual, non-exclusive license}
}
@misc{thestack,
	doi = {10.48550/ARXIV.2211.15533},
	
	url = {https://arxiv.org/abs/2211.15533},
	
	author = {Kocetkov, Denis and Li, Raymond and Allal, Loubna Ben and Li, Jia and Mou, Chenghao and Ferrandis, Carlos Muñoz and Jernite, Yacine and Mitchell, Margaret and Hughes, Sean and Wolf, Thomas and Bahdanau, Dzmitry and von Werra, Leandro and de Vries, Harm},
	
	keywords = {Computation and Language (cs.CL), Artificial Intelligence (cs.AI), FOS: Computer and information sciences, FOS: Computer and information sciences},
	
	title = {The Stack: 3 TB of permissively licensed source code},
	
	publisher = {arXiv},
	
	year = {2022},
	
	copyright = {Creative Commons Attribution Share Alike 4.0 International}
}
@misc{codesummarization,
	doi = {10.48550/ARXIV.2207.04237},
	
	url = {https://arxiv.org/abs/2207.04237},
	
	author = {Ahmed, Toufique and Devanbu, Premkumar},
	
	keywords = {Software Engineering (cs.SE), Machine Learning (cs.LG), FOS: Computer and information sciences, FOS: Computer and information sciences},
	
	title = {Few-shot training LLMs for project-specific code-summarization},
	
	publisher = {arXiv},
	
	year = {2022},
	
	copyright = {arXiv.org perpetual, non-exclusive license}
}
@misc{securitydataset,
	doi = {10.48550/ARXIV.2006.13652},
	
	url = {https://arxiv.org/abs/2006.13652},
	
	author = {Antal, Gábor and Keleti, Márton and Hegedűs, Péter},
	
	keywords = {Software Engineering (cs.SE), Programming Languages (cs.PL), FOS: Computer and information sciences, FOS: Computer and information sciences},
	
	title = {Exploring the Security Awareness of the Python and JavaScript Open Source Communities},
	
	publisher = {arXiv},
	
	year = {2020},
	
	copyright = {arXiv.org perpetual, non-exclusive license}
}
@inproceedings{staticanalysis,
	author = {Lipp, Stephan and Banescu, Sebastian and Pretschner, Alexander},
	title = {An Empirical Study on the Effectiveness of Static C Code Analyzers for Vulnerability Detection},
	year = {2022},
	isbn = {9781450393799},
	publisher = {Association for Computing Machinery},
	address = {New York, NY, USA},
	url = {https://doi.org/10.1145/3533767.3534380},
	doi = {10.1145/3533767.3534380},
	booktitle = {Proceedings of the 31st ACM SIGSOFT International Symposium on Software Testing and Analysis},
	pages = {544–555},
	numpages = {12},
	keywords = {empirical study, vulnerability detection, static code analysis},
	location = {Virtual, South Korea},
	series = {ISSTA 2022}
}
@inproceedings{maintainablecode,
	author = {Chowdhury, Shaiful Alam and Uddin, Gias and Holmes, Reid},
	title = {An Empirical Study on Maintainable Method Size in Java},
	year = {2022},
	isbn = {9781450393034},
	publisher = {Association for Computing Machinery},
	address = {New York, NY, USA},
	url = {https://doi.org/10.1145/3524842.3527975},
	doi = {10.1145/3524842.3527975},
	booktitle = {Proceedings of the 19th International Conference on Mining Software Repositories},
	pages = {252–264},
	numpages = {13},
	keywords = {readability, maintenance, code metrics, SLOC, McCabe},
	location = {Pittsburgh, Pennsylvania},
	series = {MSR '22}
}
@inproceedings{testmethodevaluation,
	author = {Veloso, Victor and Hora, Andre},
	title = {Characterizing High-Quality Test Methods: A First Empirical Study},
	year = {2022},
	isbn = {9781450393034},
	publisher = {Association for Computing Machinery},
	address = {New York, NY, USA},
	url = {https://doi.org/10.1145/3524842.3529092},
	doi = {10.1145/3524842.3529092},
	pages = {265–269},
	numpages = {5},
	keywords = {mutation testing, code quality, software repository mining},
	location = {Pittsburgh, Pennsylvania},
	series = {MSR '22}
}
@inproceedings{codestylecomparison,
	author = {Grotov, Konstantin and Titov, Sergey and Sotnikov, Vladimir and Golubev, Yaroslav and Bryksin, Timofey},
	title = {A Large-Scale Comparison of Python Code in Jupyter Notebooks and Scripts},
	year = {2022},
	isbn = {9781450393034},
	publisher = {Association for Computing Machinery},
	address = {New York, NY, USA},
	url = {https://doi.org/10.1145/3524842.3528447},
	doi = {10.1145/3524842.3528447},
	booktitle = {Proceedings of the 19th International Conference on Mining Software Repositories},
	pages = {353–364},
	numpages = {12},
	location = {Pittsburgh, Pennsylvania},
	series = {MSR '22}
}
@inproceedings{renrepo,
	author = {Ren, Meng and Yin, Zijing and Ma, Fuchen and Xu, Zhenyang and Jiang, Yu and Sun, Chengnian and Li, Huizhong and Cai, Yan},
	title = {Empirical Evaluation of Smart Contract Testing: What is the Best Choice?},
	year = {2021},
	isbn = {9781450384599},
	publisher = {Association for Computing Machinery},
	address = {New York, NY, USA},
	url = {https://doi.org/10.1145/3460319.3464837},
	doi = {10.1145/3460319.3464837},
	booktitle = {Proceedings of the 30th ACM SIGSOFT International Symposium on Software Testing and Analysis},
	pages = {566–579},
	numpages = {14},
	keywords = {evaluation, observations and solutions, smart contract testing},
	location = {Virtual, Denmark},
	series = {ISSTA 2021}
}
@article{ferreirarepo,
	author    = {Jo{\~{a}}o F. Ferreira and
	Pedro Cruz and
	Thomas Durieux and
	Rui Abreu},
	title     = {SmartBugs: {A} Framework to Analyze Solidity Smart Contracts},
	journal   = {CoRR},
	volume    = {abs/2007.04771},
	year      = {2020},
	url       = {https://arxiv.org/abs/2007.04771},
	eprinttype = {arXiv},
	eprint    = {2007.04771},
	timestamp = {Wed, 22 Jun 2022 11:10:47 +0200},
	biburl    = {https://dblp.org/rec/journals/corr/abs-2007-04771.bib},
	bibsource = {dblp computer science bibliography, https://dblp.org}
}
@misc{scrawld,
	doi = {10.48550/ARXIV.2202.11409},
	
	url = {https://arxiv.org/abs/2202.11409},
	
	author = {Yashavant, Chavhan Sujeet and Kumar, Saurabh and Karkare, Amey},
	
	keywords = {Cryptography and Security (cs.CR), FOS: Computer and information sciences, FOS: Computer and information sciences},
	
	title = {ScrawlD: A Dataset of Real World Ethereum Smart Contracts Labelled with Vulnerabilities},
	
	publisher = {arXiv},
	
	year = {2022},
	
	copyright = {Creative Commons Attribution 4.0 International}
}
@inproceedings{smartdagger,
	author = {Liao, Zeqin and Zheng, Zibin and Chen, Xiao and Nan, Yuhong},
	title = {SmartDagger: A Bytecode-Based Static Analysis Approach for Detecting Cross-Contract Vulnerability},
	year = {2022},
	isbn = {9781450393799},
	publisher = {Association for Computing Machinery},
	address = {New York, NY, USA},
	url = {https://doi.org/10.1145/3533767.3534222},
	doi = {10.1145/3533767.3534222},
	booktitle = {Proceedings of the 31st ACM SIGSOFT International Symposium on Software Testing and Analysis},
	pages = {752–764},
	numpages = {13},
	keywords = {smart contract, interprocedure analysis, bug finding, static analysis},
	location = {Virtual, South Korea},
	series = {ISSTA 2022}
}
@misc{manticore,
	doi = {10.48550/ARXIV.1907.03890},
	
	url = {https://arxiv.org/abs/1907.03890},
	
	author = {Mossberg, Mark and Manzano, Felipe and Hennenfent, Eric and Groce, Alex and Grieco, Gustavo and Feist, Josselin and Brunson, Trent and Dinaburg, Artem},
	
	keywords = {Software Engineering (cs.SE), Cryptography and Security (cs.CR), FOS: Computer and information sciences, FOS: Computer and information sciences},
	
	title = {Manticore: A User-Friendly Symbolic Execution Framework for Binaries and Smart Contracts},
	
	publisher = {arXiv},
	
	year = {2019},
	
	copyright = {arXiv.org perpetual, non-exclusive license}
}
@misc{formalverification,
	doi = {10.48550/ARXIV.2008.02712},
	
	url = {https://arxiv.org/abs/2008.02712},
	
	author = {Tolmach, Palina and Li, Yi and Lin, Shang-Wei and Liu, Yang and Li, Zengxiang},
	
	keywords = {Software Engineering (cs.SE), FOS: Computer and information sciences, FOS: Computer and information sciences},
	
	title = {A Survey of Smart Contract Formal Specification and Verification},
	
	publisher = {arXiv},
	
	year = {2020},
	
	copyright = {arXiv.org perpetual, non-exclusive license}
}
@misc{soliditycheck,
	doi = {10.48550/ARXIV.1911.09425},
	
	url = {https://arxiv.org/abs/1911.09425},
	
	author = {Zhang, Pengcheng and Xiao, Feng and Luo, Xiapu},
	
	keywords = {Software Engineering (cs.SE), FOS: Computer and information sciences, FOS: Computer and information sciences},
	
	title = {SolidityCheck : Quickly Detecting Smart Contract Problems Through Regular Expressions},
	
	publisher = {arXiv},
	
	year = {2019},
	
	copyright = {arXiv.org perpetual, non-exclusive license}
}
@InProceedings{z3solver,
	author="de Moura, Leonardo
	and Bj{\o}rner, Nikolaj",
	editor="Ramakrishnan, C. R.
	and Rehof, Jakob",
	title="Z3: An Efficient SMT Solver",
	booktitle="Tools and Algorithms for the Construction and Analysis of Systems",
	year="2008",
	publisher="Springer Berlin Heidelberg",
	address="Berlin, Heidelberg",
	pages="337--340",
	isbn="978-3-540-78800-3"
}
@misc{smartcorpus,
	doi = {10.48550/ARXIV.2011.01723},
	
	url = {https://arxiv.org/abs/2011.01723},
	
	author = {Pierro, Giuseppe Antonio and Tonelli, Roberto and Marchesi, Michele},
	
	keywords = {Software Engineering (cs.SE), FOS: Computer and information sciences, FOS: Computer and information sciences},
	
	title = {Smart-Corpus: an Organized Repository of Ethereum Smart Contracts Source Code and Metrics},
	
	publisher = {arXiv},
	
	year = {2020},
	
	copyright = {arXiv.org perpetual, non-exclusive license}
}
@misc{contractlanguages,
	doi = {10.48550/ARXIV.2104.03764},
	
	url = {https://arxiv.org/abs/2104.03764},
	
	author = {Clack, Christopher D.},
	
	keywords = {Computation and Language (cs.CL), FOS: Computer and information sciences, FOS: Computer and information sciences},
	
	title = {Languages for Smart and Computable Contracts},
	
	publisher = {arXiv},
	
	year = {2021},
	
	copyright = {Creative Commons Attribution Non Commercial No Derivatives 4.0 International}
}
@inproceedings{empiricalgithubcontracts,
	author = {Das, Ajoy and Uddin, Gias and Ruhe, Guenther},
	title = {An Empirical Study of Blockchain Repositories in GitHub},
	year = {2022},
	isbn = {9781450396134},
	publisher = {Association for Computing Machinery},
	address = {New York, NY, USA},
	url = {https://doi.org/10.1145/3530019.3530041},
	doi = {10.1145/3530019.3530041},
	pages = {211–220},
	numpages = {10},
	keywords = {Blockchain, Bitcoin, GitHub, Cryptocurrency, Repositories},
	location = {Gothenburg, Sweden},
	series = {EASE '22}
}
@inproceedings{stratifiedsampling,
	author = {Levin, Roy and Kanza, Yaron},
	title = {Stratified-Sampling over Social Networks Using Mapreduce},
	year = {2014},
	isbn = {9781450323765},
	publisher = {Association for Computing Machinery},
	address = {New York, NY, USA},
	url = {https://doi.org/10.1145/2588555.2588577},
	doi = {10.1145/2588555.2588577},
	booktitle = {Proceedings of the 2014 ACM SIGMOD International Conference on Management of Data},
	pages = {863–874},
	numpages = {12},
	keywords = {social networks, mapreduce, stratified sampling},
	location = {Snowbird, Utah, USA},
	series = {SIGMOD '14}
}
@inproceedings{pagination,
	author = {Cao, Junkuo and Wang, Weihua and Shu, Yuanzhong},
	year = {2010},
	month = {01},
	pages = {384-389},
	title = {Comparison of Pagination Algorithms Based-on Large Data Sets},
	isbn = {978-3-642-19852-6},
	doi = {10.1007/978-3-642-19853-3_56}
}
@book{bitcoinbook,
	author = {Dannen, Chris},
	title = {Introducing Ethereum and Solidity: Foundations of Cryptocurrency and Blockchain Programming for Beginners},
	year = {2017},
	isbn = {1484225341},
	publisher = {Apress},
	address = {USA},
	edition = {1st},
}
@INPROCEEDINGS{msrllm,
	author={Allamanis, Miltiadis and Sutton, Charles},
	booktitle={2013 10th Working Conference on Mining Software Repositories (MSR)}, 
	title={Mining source code repositories at massive scale using language modeling}, 
	year={2013},
	volume={},
	number={},
	pages={207-216},
	doi={10.1109/MSR.2013.6624029}}
@book{refactoring,
	title = {Refactoring: Improving the Design of Existing Code},
	year = {1999},
	isbn = {0201485672},
	publisher = {Addison-Wesley Longman Publishing Co., Inc.},
	address = {USA},
}
@InProceedings{treemining,
	author="Pham, Hoang Son
	and Nijssen, Siegfried
	and Mens, Kim
	and Di Nucci, Dario
	and Molderez, Tim
	and De Roover, Coen
	and Fabry, Johan
	and Zaytsev, Vadim",
	editor="Kralj Novak, Petra
	and {\v{S}}muc, Tomislav
	and D{\v{z}}eroski, Sa{\v{s}}o",
	title="Mining Patterns in Source Code Using Tree Mining Algorithms",
	booktitle="Discovery Science",
	year="2019",
	publisher="Springer International Publishing",
	address="Cham",
	pages="471--480",
	isbn="978-3-030-33778-0"
}
@article{khanblockchain,
	author = {Khan, Shafaq and Loukil, Faiza and Ghedira, Chirine and Benkhelifa, Elhadj and Bani-Hani, Anoud},
	year = {2021},
	month = {09},
	pages = {},
	title = {Blockchain Smart Contracts: Applications, Challenges, and Future Trends},
	volume = {14},
	journal = {Peer-to-Peer Networking and Applications},
	doi = {10.1007/s12083-021-01127-0}
}
@INPROCEEDINGS{alharbyblockchain,
	author={Alharby, Maher and Aldweesh, Amjad and Moorsel, Aad van},
	booktitle={2018 International Conference on Cloud Computing, Big Data and Blockchain (ICCBB)}, 
	title={Blockchain-based Smart Contracts: A Systematic Mapping Study of Academic Research (2018)}, 
	year={2018},
	volume={},
	number={},
	pages={1-6},
	doi={10.1109/ICCBB.2018.8756390}}
@inbook{morabito,
	author = {Morabito, Vincenzo},
	year = {2017},
	month = {01},
	pages = {101-124},
	title = {Smart Contracts and Licensing},
	isbn = {978-3-319-48477-8},
	doi = {10.1007/978-3-319-48478-5_6}
}
@ARTICLE{utilitypattern,
	author={Gan, Wensheng and Lin, Jerry Chun-Wei and Fournier-Viger, Philippe and Chao, Han-Chieh and Tseng, Vincent S. and Yu, Philip S.},
	journal={IEEE Transactions on Knowledge and Data Engineering}, 
	title={A Survey of Utility-Oriented Pattern Mining}, 
	year={2021},
	volume={33},
	number={4},
	pages={1306-1327},
	doi={10.1109/TKDE.2019.2942594}}
